@article{mey2020best,
  title={Best Practices for Alchemical Free Energy Calculations [Article v1.0]},
  author={Mey, Antonia S. J. S. and Allen, Brice K. and Macdonals, Hannah E. Bruce and Chodera, John D. and Hahn, David F. and Kuhn, Maximilian and Michel, Julien and Mobley, David L. and Naden, levi N. and Prasad, Samarjeet and Rizzi, Andrea and Scheen, Jenke and Shirts, Michael R. and Tresadern, Gary and Xu, Huafeng},
  journal={Living Journal of Computational Molecular Science},
  volume={2},
  number={1},
  pages={18378},
  year={2020},
  doi = {10.33011/livecoms.2.1.18378}
}
References
@article{cournia_allen_sherman_2017,
title={Relative Binding Free Energy Calculations in Drug Discovery: Recent Advances and Practical Considerations},
volume={57}, 
DOI={10.1021/acs.jcim.7b00564},
number={12},
journal={Journal of Chemical Information and Modeling},
author={Cournia, Zoe and Allen, Bryce and Sherman, Woody},
year={2017},
pages={2911-2937}
}

@article{kuhn_firth-clark_tosco_mey_mackey_michel_2020,
title={Assessment of Binding Affinity via Alchemical Free-Energy Calculations},
volume={60},
DOI={10.1021/acs.jcim.0c00165},
number={6},
journal={Journal of Chemical Information and Modeling},
author={Kuhn, Maximilian and Firth-Clark, Stuart and Tosco, Paolo and Mey, Antonia S. J. S. and Mackey, Mark and Michel, Julien},
year={2020},
pages={3120-3130}
}

@article{sMD_druggability,
	author			= {Clement Agoni and Fisayo A. Olotu and Pritika Ramharack and Mahmoud E. Soluman},
	title			= {Druggability and Drug-Likeness Concepts in Drug Design: Are Biomodelling and Predictive Tools Having Their Say?},
	journal			= {Journal of Molecular Modeling},
	year			= {2020},
	volume			= {26},
	url 			= {https://doi.org/10.1007/s00894-020-04385-6}
}

@article{sMD_scott-ppi-2016,
	author			= {Duncan E. Scott and Andrew R. Bayly and Chris Abell and John Skidmore},
	title			= {Small molecules, big targets:
	drug discovery faces the protein–
	protein interaction challenge},
	journal			= {Nature Reviews},
	year			= {2016},
	volume			= {15},
	pages			= {533--550}
}

@article{sMD_ptp-rev-druggability,
	author			= {Zhong-Yin Zhang},
	title			= {Drugging the Undruggable: Therapeutic  Potential of Targeting Protein Tyrosine Phosphatases},
	journal			= {Accounts of Chemical Research},
	year			= {2017},
	volume			= {50},
	pages			= {122--129},
	url				= {https://doi.org/10.1021/acs.accounts.6b00537}
}

@article{sMD_Verkhivker-allostery,
	author			= {Gennady M. Verkhivker and Steve Agajanian and Guang Hu and Peng Tao},
	title			= {Allosteric Regulation at the Crossroads of New Technologies: Multiscale Modeling, Networks, and Machine Learning},
	journal			= {Frontiers in  Molecular Biosciences},
	year			= {2020},
	volume			= {7},
	url				= {https://doi.org/10.3389/fmolb.2020.00136}
}

@article{sMD_Motlagh-allostery,
	author			= {Hesam N. Motlagh and James O. Wrabl and Jing Li and Vincent J. Hilser},
	title			= {The Ensemble Nature of Allostery},
	journal			= {Nature},
	year			= {2014},
	volume			= {508},
	pages			= {331--339},
	url 			= {https://doi.org/10.1038/nature13001}
}

@article{sMD_Prinz,
	author			= {Jan-Hendrik Prinz and Hao Wu and Marco Sarich and Bettina Keller and Martin Senne and Martin Held and John D. Chodera and Christof Schutte and Frank Noé},
	title			= {Markov Models of Molecular Kinetis: Generation and Validation},
	journal			= {Journal of Chemical Physics},
	year			= {2011},
	volume			= {134},
	url 			= {https://doi.org/10.1063/1.3565032}
}

@article{sMD_Husic-msm,
	author			= {Brooke E. Husic and Vijay S. Pande},
	title			= {Markov State Models: From an Art to a Science},
	journal			= {Journal of the American Chemical Society},
	year			= {2018},
	volume			= {140},
	pages			= {2386--2396},
	url 			= {https://doi.org/10.1021/jacs.7b12191}
}

@article{sMD_ptp1b-diabetes,
	author			= {F. Ahmad and P. M. Li and J. Meyerovitch and B. J. Goldstein},
	title			= {Osmotic loading of neutralizing antibodies demonstrates a role for protein-tyrosine phosphatase 1B in negative regulation of the insulin action pathway},
	journal			= {Journal of Biological Chemistry},
	year			= {1995},
	volume			= {270},
	pages			= {20503--20508},
	url				= {https://doi: 10.1074/jbc.270.35.20503}
}

@article{sMD_Wiesman,
	author			= {Christian Wiesmann and Kenneth J. Barr1 and Jenny Kung and Jiang Zhu and Daniel A. Erlanson and Wang Shen and Bruce J. Fahr and Min Zhong and Lisa Taylor and Mike Randal1 and Robert S. McDowell1 and Stig K. Hansen},
	title			= {Allosteric Inhibition of Protein Tyrosine Phosphatase 1B},
	journal			= {Nature Structural and Molecular Biology},
	volume			= {11},
	year			= {2004},
	pages			= {730--737}
}

@article{sMD_Choy-Timescales,
	author			= {Meng S. Choy and Yang Li and Luciana E.S.F. Machado and Micha B.A. Kunze and Christopher R. Connors and Xingyu Wei and Kresten Lindorff-Larsen and Rebecca Page and Wolfgang Peti},
	title			= {Conformational Rigidity and Protein Dynamics at Distinct Timescales Regulate PTP1B Activity and Allostery},
	journal			= {Molecular Cell},
	volume			= {65},
	year			= {2017},
	pages			= {644--658}
}

@article{sMD_plumed-2,
	author			= {Gareth A. Tribello and Massimiliano Bonomi  and Davide Branduardi and Carlo Camilloni and Giovanni Bussi},
	title			= {PLUMED 2: New Feathers for an Old Bird},
	year			= {2014},
	journal			= {Comput. Phys. Commun.},
	volume			= {185},
	pages			= {604--613}
}

@article{sMD_steeredMD,
	author			= {Barry Isralewitz and Mu Gao and Klaus Schulten},
	title			= {Steered Molecular Dynamics and Mechanical Functions of Proteins},
	journal			= {Curr. Opin. Struct. Biol.},
	year			= {2001},
	volume			= {11},
	pages			= {224-230}
}